<?xml version="1.0" encoding="UTF-8"?><collection xmlns="http://www.loc.gov/MARC21/slim"><record><leader>00593nam--2200181-i-4500</leader><controlfield tag="001">000012810</controlfield><controlfield tag="002">20161230</controlfield><controlfield tag="005">20161230201030</controlfield><controlfield tag="008">060222s1000------------r-----000-0-fre-d</controlfield><datafield ind1=" " ind2=" " tag="040"><subfield code="a">IFIN-HH</subfield></datafield><datafield ind1=" " ind2=" " tag="041"><subfield code="a">fre</subfield></datafield><datafield ind1=" " ind2=" " tag="080"><subfield code="a">539.12.044(043)</subfield></datafield><datafield ind1="1" ind2=" " tag="100"><subfield code="a">Bono Merino, Maria Rosa</subfield></datafield><datafield ind1="1" ind2="0" tag="245"><subfield code="a">Etude par radiolyse pulsee de la formation et de la reactivite de l'electron solvate dans l'ethanol et le n-propanol a basses temperatures</subfield><subfield code="b">These</subfield><subfield code="c">Maria rosa bono merino</subfield></datafield><datafield ind1=" " ind2=" " tag="260"><subfield code="a">Orsay</subfield><subfield code="b">Universite De Paris-sud</subfield><subfield code="c">1977</subfield></datafield><datafield ind1=" " ind2=" " tag="300"><subfield code="a">84 P</subfield></datafield><datafield ind1=" " ind2=" " tag="852"><subfield code="a">46346</subfield><subfield code="c">539.12</subfield></datafield><datafield ind1=" " ind2=" " tag="CAT"><subfield code="a">Sys</subfield><subfield code="c">20111205</subfield><subfield code="h">164103</subfield></datafield></record></collection>